#FLAGGA 0
#FORMAT PC8
#SIETYP 4
#PROGRAM "Fortnox" 2026.1
#GEN 20260131
#FNAMN "Testbolaget AB"
#ORGNR 556000-1234
#RAR 0 20260101 20261231

#KONTO 1510 "Kundfordringar"
#KONTO 1930 "Företagskonto / Bank"
#KONTO 2440 "Leverantörsskulder"
#KONTO 2610 "Utgående moms, 25%"
#KONTO 2640 "Ingående moms"
#KONTO 2710 "Personalskatt"
#KONTO 2731 "Sociala avgifter"
#KONTO 3000 "Försäljning (25% moms)"
#KONTO 4000 "Inköp av varor"
#KONTO 5010 "Lokalhyra"
#KONTO 7010 "Löner"

#VER "A" "1" 20260110 "Kundfaktura 1001 – Konsulttjänst"
{
    #TRANS 1510 {} 18750.00 ""
    #TRANS 3000 {} -15000.00 ""
    #TRANS 2610 {} -3750.00 ""
}
#VER "A" "2" 20260115 "Betalning kundfaktura 1001"
{
    #TRANS 1930 {} 18750.00 ""
    #TRANS 1510 {} -18750.00 ""
}
#VER "B" "1" 20260118 "Leverantörsfaktura – kontorsmöbler"
{
    #TRANS 4000 {} 8000.00 ""
    #TRANS 2640 {} 2000.00 ""
    #TRANS 2440 {} -10000.00 ""
}
#VER "B" "2" 20260120 "Betalning leverantörsskuld"
{
    #TRANS 2440 {} 10000.00 ""
    #TRANS 1930 {} -10000.00 ""
}
#VER "C" "1" 20260131 "Hyra februari"
{
    #TRANS 5010 {} 12000.00 ""
    #TRANS 1930 {} -12000.00 ""
}
#VER "D" "1" 20260131 "Lön januari"
{
    #TRANS 7010 {} 35000.00 ""
    #TRANS 2710 {} -7200.00 ""
    #TRANS 2731 {} -11462.50 ""
    #TRANS 1930 {} -16337.50 ""
}
